% General papers
@article{ACP:Aschmann2009,
Author = {Aschmann, J. and Sinnhuber, B.-M. and Atlas, E. L. and Schauffler, S. M.},
Title = {{Modeling the transport of very short-lived substances into the tropical
   upper troposphere and lower stratosphere}},
Journal = {{Atmos. Chem. Phys.}},
Year = {{2009}},
Volume = {{9}},
Number = {{23}},
Pages = {{9237--9247}},
DOI = {{10.5194/acp-9-9237-2009, 2009}}
}

@article{JGR:Asher1998,
Author = {Asher, W. E. and Wanninkhof, R.},
Title = {{The effect of bubble-mediated gas transfer on purposeful dual-gaseous tracer experiments}},
Journal = {{J. Geophys. Res.-Oceans}},
Year = {{1998}},
Volume = {{103}},
Number = {{C5}},
Pages = {{10555--10560}},
Month = {{MAY 15}},
DOI = {{10.1029/98JC00245}}
}

﻿@article{JGRD:Ayers1995,
Author = {Ayers, G. P. and Bentley, S. T. and Ivey, J. P. and Forgan, B. W.},
Title = {{Dimethylsulfide in marine air at Cape Grim, $41^\circ$S}},
Journal = {{J. Geophys. Res.-Atmos.}},
Volume = {100},
Number = {D10},
ISSN = {2156-2202},
url = {http://dx.doi.org/10.1029/95JD02144},
DOI = {10.1029/95JD02144},
pages = {21013--21021},
year = {1995}
}

@article{CR:Barnes2006,
Author = {Barnes, I. and Hjorth, J. and Mihalopoulos, N.},
Title = {{Dimethyl sulfide and dimethyl sulfoxide and their oxidation in the atmosphere}},
Journal = {{Chem. Rev.}},
Year = {{2006}},
Volume = {{106}},
Number = {{3}},
Pages = {{940--975}},
Month = {{MAR}},
DOI = {{10.1021/cr020529+}},
ISSN = {{0009-2665}}
}

﻿@article {GBC:Bates1992,
Author = {Bates, Timothy S. and Lamb, Brian K.},
Title = {{Natural sulfur emissions to the atmosphere of the continental United States}},
Journal = {{Global Biogeochem. Cy.}},
Volume = {6},
Number = {4},
ISSN = {1944-9224},
url = {http://dx.doi.org/10.1029/92GB01987},
DOI = {10.1029/92GB01987},
pages = {431--435},
year = {1992},
}

@article{JGRD:Bell2002,
Author = {Bell, N. and Hsu, L. and Jacob, D. J. and Schultz, M. G. and Blake, D. R. and
   Butler, J. H. and King, D. B. and Lobert, J. M. and Maier-Reimer, E.},
Title = {{Methyl iodide: Atmospheric budget and use as a tracer of marine convection in global models}},
Journal = {{J. Geophys. Res.-Atmos.}},
Year = {{2002}},
Volume = {{107}},
Number = {{D17}},
Month = {{SEP}},
DOI = {{10.1029/2001JD001151}},
Article-Number = {{4340}},
}

@article{ACP:Bell2013,
Author = {Bell, T. G. and De Bruyn, W. and Miller, S. D. and Ward, B. and Christensen, K. H. and Saltzman, E. S.},
Title = {{Air-sea dimethylsulfide (DMS) gas transfer in the North Atlantic:
   evidence for limited interfacial gas exchange at high wind speed}},
Journal = {{Atmos. Chem. Phys.}},
Year = {{2013}},
Volume = {{13}},
Number = {{21}},
Pages = {{11073--11087}},
DOI = {{10.5194/acp-13-11073-2013}},
}

@article{ACP:Brinckmann2012,
Author = {Brinckmann, S. and Engel, A. and B\"{o}nisch, H. and Quack, B. and Atlas, E.},
Title = {{Short-lived brominated hydrocarbons - observations in the source regions and the tropical tropopause layer}},
Journal = {{Atmos. Chem. Phys.}},
Year = {{2012}},
Volume = {{12}},
Number = {{3}},
Pages = {{1213--1228}},
DOI = {{10.5194/acp-12-1213-2012}},
ISSN = {{1680-7316}},
}

@article{ACP:Burrows2014,
Author = {Burrows, S. M. and Ogunro, O. and Frossard, A. A. and Russell, L. M. and Rasch, P. J. and Elliott, S. M.},
Title = {{A physically based framework for modeling the organic fractionation of
   sea spray aerosol from bubble film Langmuir equilibria}},
Journal = {{Atmos. Chem. Phys.}},
Year = {{2014}},
Volume = {{14}},
Number = {{24}},
Pages = {{13601--13629}},
DOI = {{10.5194/acp-14-13601-2014}},
}

@article{GRL:Cameron2011,
Author = {Cameron-Smith, P. and Elliott, S. and Maltrud, M. and Erickson, D. and Wingenter, O.},
Title = {{Changes in dimethyl sulfide oceanic distribution due to climate change}},
Journal = {{Geophys. Res. Lett.}},
Year = {{2011}},
Volume = {{38}},
Month = {{APR 15}},
DOI = {{10.1029/2011GL047069}},
Article-Number = {{L07704}},
ISSN = {{0094-8276}},
}

@article{JGR:Chameides1980,
Author = {Chameides, W. L. and Davis, D. D.},
Title = {{Iodine - Its Possible Role In Tropospheric Photochemistry}},
Journal = {{J. Geophys. Res.-Oceans Atmos.}},
Year = {{1980}},
Volume = {{85}},
Number = {{NC12}},
Pages = {{7383--7398}},
DOI = {{10.1029/JC085iC12p07383}},
ISSN = {{0148-0227}},
}

@article{Nat:Charlson1987,
Author = {Charlson, R. J. and Lovelock, J. E. and Andreae, M. O. and Warren, S. G.},
Title = {{Oceanic Phytoplankton, Atmospheric Sulfur, Cloud Albedo and Climate}},
Journal = {{Nature}},
Year = {{1987}},
Volume = {{326}},
Number = {{6114}},
Pages = {{655--661}},
Month = {{APR 16}},
DOI = {{10.1038/326655a0}},
ISSN = {{0028-0836}},
}

@article{JGRD:DeBruyn1995,
Author={De Bruyn, W. J. and Swartz, E. and Hu, J. H. and Shorter, Jeffrey A. and 
Davidovits, P. and Worsnop, D. R. and Zahniser, M. S. and Kolb, C. E.},
Title={Henry's law solubilities and {\'S}etchenow coefficients for biogenic reduced 
sulfur species obtained from gas-liquid uptake measurements},
Journal={J. Geophys. Res.-Atmos. (1984-2012)},
Volume={100},
Number={D4},
Pages={7245--7251},
Year={1995}
}

@article{QFRM:Dee2011,
Author = {Dee, D. P. and Uppala, S. M. and Simmons, A. J. and Berrisford, P. and
   Poli, P. and Kobayashi, S. and Andrae, U. and Balmaseda, M. A. and
   Balsamo, G. and Bauer, P. and Bechtold, P. and Beljaars, A. C. M. and
   van de Berg, L. and Bidlot, J. and Bormann, N. and Delsol, C. and
   Dragani, R. and Fuentes, M. and Geer, A. J. and Haimberger, L. and
   Healy, S. B. and Hersbach, H. and Holm, E. V. and Isaksen, L. and
   Kallberg, P. and Koehler, M. and Matricardi, M. and McNally, A. P. and
   Monge-Sanz, B. M. and Morcrette, J. -J. and Park, B. -K. and Peubey, C.
   and de Rosnay, P. and Tavolato, C. and Thepaut, J. -N. and Vitart, F.},
Title = {{The ERA-Interim reanalysis: configuration and performance of the data
   assimilation system}},
Journal = {{Q. J. Roy. Meteorol. Soc.}},
Year = {{2011}},
Volume = {{137}},
Number = {{656, A}},
Pages = {{553--597}},
Month = {{APR}},
DOI = {{10.1002/qj.828}},
ISSN = {{0035-9009}},
}

@article{ERL:Elliott2014,
Author = {Elliott, S. and Burrows, S. M. and Deal, C. and Liu, X. and Long, M. and
   Ogunro, O. and Russell, L. M. and Wingenter, O.},
Title = {{Prospects for simulating macromolecular surfactant chemistry at the ocean-atmosphere boundary}},
Journal = {{Environ. Res. Lett.}},
Year = {{2014}},
Volume = {{9}},
Number = {{6}},
Month = {{JUN}},
DOI = {{10.1088/1748-9326/9/6/064012}},
Article-Number = {{064012}},
ISSN = {{1748-9326}},
}

@article{AMT:Hall2014,
Author = {Hall, B. D. and Engel, A. and Muehle, J. and Elkins, J. W. and Artuso,
   F. and Atlas, E. and Aydin, M. and Blake, D. and Brunke, E. -G. and
   Chiavarini, S. and Fraser, P. J. and Happell, J. and Krummel, P. B. and
   Levin, I. and Loewenstein, M. and Maione, M. and Montzka, S. A. and
   O'Doherty, S. and Reimann, S. and Rhoderick, G. and Saltzman, E. S. and
   Scheel, H. E. and Steele, L. P. and Vollmer, M. K. and Weiss, R. F. and
   Worthy, D. and Yokouchi, Y.},
Title = {{Results from the International Halocarbons in Air Comparison Experiment (IHALACE)}},
Journal = {{Atmos. Meas. Tech.}},
Year = {{2014}},
Volume = {{7}},
Number = {{2}},
Pages = {{469--490}},
DOI = {{10.5194/amt-7-469-2014}},
ISSN = {{1867-1381}},
}

@article{AIChE:Hayduc1974,
Author = {Hayduc, W. and Laudie, H.},
Title = {{Prediction of Diffusion-Coefficients for Nonelectrolytes in Dilute Aqueous-Solutions}},
Journal = {{AICHE J.}},
Year = {{1974}},
Volume = {{20}},
Number = {{3}},
Pages = {{611--615}},
DOI = {{10.1002/aic.690200329}},
ISSN = {{0001-1541}},
}

@article{BGSD:Hepach2015,
Author = {Hepach, H. and Quack, B. and Raimund, S. and Fischer, T. and Atlas, E. L. and Bracher, A.},
Title = {Halocarbon emissions and sources in the equatorial Atlantic Cold Tongue},
Journal = {Biogeosciences Discussions},
Volume = {12},
Year = {2015},
Number = {7},
Pages = {5559--5608},
url = {http://www.biogeosciences-discuss.net/12/5559/2015/},
DOI = {10.5194/bgd-12-5559-2015}
}

@article{TB:Ho1997,
Author = {Ho, D. T. and Bliven, L. F. and Wanninkhof, R. and Schlosser, P.},
Title = {{The effect of rain on air-water gas exchange}},
Journal = {{Tellus B}},
Year = {{1997}},
Volume = {{49}},
Number = {{2}},
Pages = {{149--158}},
Month = {{APR}},
DOI = {{10.1034/j.1600-0889.49.issue2.3.x}},
ISSN = {{0280-6509}},
}

@article{JGR:Ho2004,
Author = {Ho, D. T. and Zappa, C. J. and McGillis, W. R. and Bliven, L. F. and Ward, B. and
   Dacey, J. W. H. and Schlosser, P. and Hendricks, M. B.},
Title = {{Influence of rain on air-sea gas exchange: Lessons from a model ocean}},
Journal = {{J. Geophys. Res.-Oceans}},
Year = {{2004}},
Volume = {{109}},
Number = {{C8}},
Month = {{JUL 1}},
DOI = {{10.1029/2003JC001806}},
Article-Number = {{C08S18}},
ISSN = {{2169-9275}},
}

@article{GRL:Ho2006,
Author = {Ho, D. T. and Law, C. S. and Smith, M. J. and Schlosser, P.
   and Harvey, M. and Hill, P.},
Title = {{Measurements of air-sea gas exchange at high wind speeds in the Southern
   Ocean: Implications for global parameterizations}},
Journal = {{Geophys. Res. Lett.}},
Year = {{2006}},
Volume = {{33}},
Number = {{16}},
Month = {{AUG 25}},
DOI = {{10.1029/2006GL026817}},
Article-Number = {{L16611}},
ISSN = {{0094-8276}},
}

@article{BGS:Hopkins2014,
Author = {Hopkins, F. E. and Archer, S. D.},
Title = {{Consistent increase in dimethyl sulfide (DMS) in response to high CO2 in
   five shipboard bioassays from contrasting NW European waters}},
Journal = {{Biogeosciences}},
Year = {{2014}},
Volume = {{11}},
Number = {{18}},
Pages = {{4925--4940}},
DOI = {{10.5194/bg-11-4925-2014}},
}

﻿@article{JGRD:Wetzel2002,
Author = {Wetzel, G. and Oelhaf, H. and Ruhnke, R. and Friedl-Vallon, F. and Kleinert, A. and 
Kouker, W. and Maucher, G. and Reddmann, T. and Seefeldner, M. and Stowasser, M. and 
Trieschmann, O. and von Clarmann, T. and Fischer, H.},
Title = {NOy partitioning and budget and its correlation with N2O in the Arctic vortex and in summer midlatitudes in 1997},
Journal = {J. Geophys. Res.},
Volume = {107},
Number = {D16},
ISSN = {2156-2202},
url = {http://dx.doi.org/10.1029/2001JD000916},
DOI = {10.1029/2001JD000916},
Pages = {ACH 3-1-ACH 3-10},
Year = {2002},
}

@article{GRL:Stowasser2003,
Author = {Stowasser, M. and Oelhaf, H. and Ruhnke, R. and Kleinert, A. and Wetzel, G.
   and Friedl-Vallon, F. and Kouker, W. and Lengel, A. and Maucher, G. and
   Nordmeyer, H. and Reddmann, T. and Fischer, H.},
Title = {{The variation of short-lived NOy species around sunrise at mid-latitudes
   as measured by MIPAS-B and calculated by KASIMA}},
Journal = {{Geophys. Res. Lett.}},
Year = {{2003}},
Volume = {{30}},
Number = {{8}},
Month = {{APR 24}},
DOI = {{10.1029/2002GL016727}},
Article-Number = {{1432}},
ISSN = {{0094-8276}},
}

@article{ACP:Wiegele2009,
Author = {Wiegele, A. and Kleinert, A. and Oelhaf, H. and Ruhnke, R. and Wetzel,
   G. and Friedl-Vallon, F. and Lengel, A. and Maucher, G. and Nordmeyer,
   H. and Fischer, H.},
Title = {{Spatio-temporal variations of NOy species in the northern latitudes
   stratosphere measured with the balloon-borne MIPAS instrument}},
Journal = {{Atmos. Chem. Phys.}},
Year = {{2009}},
Volume = {{9}},
Number = {{4}},
Pages = {{1151--1163}},
ISSN = {{1680-7316}},
}

@article{ACP:Wetzel2012,
Author = {Wetzel, G. and Oelhaf, H. and Kirner, O. and Friedl-Vallon, F. and
   Ruhnke, R. and Ebersoldt, A. and Kleinert, A. and Maucher, G. and
   Nordmeyer, H. and Orphal, J.},
Title = {{Diurnal variations of reactive chlorine and nitrogen oxides observed by
   MIPAS-B inside the January 2010 Arctic vortex}},
Journal = {{Atmos. Chem. Phys.}},
Year = {{2012}},
Volume = {{12}},
Number = {{14}},
Pages = {{6581--6592}},
DOI = {{10.5194/acp-12-6581-2012}},
ISSN = {{1680-7316}},
}

@article{ACP:Wetzel2015,
Author = {Wetzel, G. and Oelhaf, H. and Birk, M. and de Lange, A. and Engel, A.
   and Friedl-Vallon, F. and Kirner, O. and Kleinert, A. and Maucher, G.
   and Nordmeyer, H. and Orphal, J. and Ruhnke, R. and Sinnhuber, B.-M.
   and Vogt, P.},
Title = {{Partitioning and budget of inorganic and organic chlorine species
   observed by MIPAS-B and TELIS in the Arctic in March 2011}},
Journal = {{Atmos. Chem. Phys.}},
Year = {{2015}},
Volume = {{15}},
Number = {{14}},
Pages = {{8065--8076}},
DOI = {{10.5194/acp-15-8065-2015}},
ISSN = {{1680-7316}},
}

@article{ACP:Hoepfner2009,
Author = {H\"{o}pfner, M. and Orphal, J. and von Clarmann, T. and Stiller, G. and
   Fischer, H.},
Title = {{Stratospheric BrONO2 observed by MIPAS}},
Journal = {{Atmos. Chem. Phys.}},
Year = {{2009}},
Volume = {{9}},
Number = {{5}},
Pages = {{1735--1746}},
ISSN = {{1680-7316}},
}

@article{ACP:Lennartz2015,
Author = {Lennartz, S. T. and Krysztofiak, G. and Marandino, C. A. and Sinnhuber, B.-M. and Tegtmeier, S. and Ziska, F. and Hossaini, R. and Kr\"uger, K. and Montzka, S. A. and Atlas, E. and Oram, D. E. and Keber, T. and B\"onisch, H. and Quack, B.},
Title = {Modelling marine emissions and atmospheric distributions of halocarbons and dimethyl sulfide: the influence of prescribed water concentration vs. prescribed emissions},
Journal = {Atmos. Chem. Phys.},
Volume = {15},
Year = {2015},
Number = {20},
Pages = {11753--11772},
url = {http://www.atmos-chem-phys.net/15/11753/2015/},
DOI = {10.5194/acp-15-11753-2015},
}

﻿@article{GRL:Glatthor2015,
Author = {Glatthor, N. and H\"{o}pfner, M. and Baker, I. T. and Berry, J. and Campbell, J. E. and Kawa, S. R. and Krysztofiak, G. and Leyser, A. and Sinnhuber, B.-M. and Stiller, G. P. and Stinecipher, J. and von Clarmann, T.},
Title = {Tropical sources and sinks of carbonyl sulfide observed from space},
Journal = {Geophys. Res. Lett.},
ISSN = {1944-8007},
url = {http://dx.doi.org/10.1002/2015GL066293},
DOI = {10.1002/2015GL066293},
OPTPages = {n/a--n/a},
Keywords = {Troposphere: composition and chemistry, Troposphere: constituent transport and chemistry, Remote sensing, Modeling, tropical sources and sinks of COS},
Year = {2015},
Note = {2015GL066293},
}

@article{ACP:Hossaini2013,
Author = {Hossaini, R. and Mantle, H. and Chipperfield, M. P. and Montzka, S. A.
   and Hamer, P. and Ziska, E. and Quack, B. and Kr\"{u}ger, K. and Tegtmeier,
   S. and Atlas, E. and Sala, S. and Engel, A. and B\"{o}nisch, H. and Keber,
   T. and Oram, D. and Mills, G. and Ordonez, C. and Saiz-Lopez, A. and
   Warwick, N. and Liang, Q. and Feng, W. and Moore, E. and Miller, B. R.
   and Marecal, V. and Richards, N. A. D. and Dorf, M. and Pfeilsticker, K.},
Title = {{Evaluating global emission inventories of biogenic bromocarbons}},
Journal = {{Atmos. Chem. Phys.}},
Year = {{2013}},
Volume = {{13}},
Number = {{23}},
Pages = {{11819--11838}},
DOI = {{10.5194/acp-13-11819-2013}},
ISSN = {{1680-7316}},
}

@article{NGS:Hossaini2015,
Author = {Hossaini, R. and Chipperfield, M. P. and Montzka, S. A. and Rap, A. and Dhomse, S. and Feng, W.},
Title = {{Efficiency of short-lived halogens at influencing climate through depletion of stratospheric ozone}},
Journal = {{Nat. Geosci.}},
Year = {{2015}},
Volume = {{8}},
Number = {{3}},
Pages = {{186--190}},
Month = {{MAR}},
DOI = {{10.1038/NGEO2363}},
ISSN = {{1752-0894}},
}

@article{ACP:Sinnhuber2009,
Author = {Sinnhuber, B.-M. and Sheode, N. and Sinnhuber, M. and Chipperfield, M. P. and Feng, W.},
Title = {{The contribution of anthropogenic bromine emissions to past stratospheric ozone trends: a modelling study}},
Journal = {{Atmos. Chem. Phys.}},
Year = {{2009}},
Volume = {{9}},
Pages = {{2863--2871}}
}

@article{GRL:Sinnhuber2015,
Author = {Sinnhuber, B.-M. and Meul, S.},
Title = {{Simulating the impact of emissions of brominated very short lived substances on past stratospheric ozone trends}},
Journal = {{Geophys. Res. Lett.}},
Year = {{2015}},
Volume = {{42}},
Number = {{7}},
Pages = {{2449--2456}},
Month = {{APR 16}},
DOI = {{10.1002/2014GL062975}},
ISSN = {{0094-8276}},
}

@article{BGS:Stemmler2015,
Author = {Stemmler, I. and Hense, I. and Quack, B.},
Title = {{Marine sources of bromoform in the global open ocean - global patterns and emissions}},
Journal = {{Biogeosciences}},
Year = {{2015}},
Volume = {{12}},
Number = {{6}},
Pages = {{1967--1981}},
DOI = {{10.5194/bg-12-1967-2015}},
ISSN = {{1726-4170}},
}

@article{Sci:Ravishankara2009,
Author = {Ravishankara, A. R. and Daniel, John S. and Portmann, Robert W.},
Title = {{Nitrous Oxide (N2O): The Dominant Ozone-Depleting Substance Emitted in the 21st Century}},
Journal = {{Science}},
Year = {{2009}},
Volume = {{326}},
Number = {{5949}},
Pages = {{123--125}},
Month = {{OCT 2}},
DOI = {{10.1126/science.1176985}},
ISSN = {{0036-8075}},
}

@article{JGRD:Riese2012,
Author = {Riese, M. and Pl\"{o}ger, F. and Rap, A. and Vogel, B. and Konopka, P. and
   Dameris, M. and Forster, P.},
Title = {{Impact of uncertainties in atmospheric mixing on simulated UTLS
   composition and related radiative effects}},
Journal = {{J. Geophys. Res.}},
Year = {{2012}},
Volume = {{117}},
Month = {{AUG 23}},
DOI = {{10.1029/2012JD017751}},
Article-Number = {{D16305}},
ISSN = {{2169-897X}},
}

@article{Sci:Solomon2010,
Author = {Solomon, S. and Rosenlof, K. H. and Portmann, R. W. and
   Daniel, J. S. and Davis, S. M. and Sanford, T. J. and Plattner,
   G.-K.},
Title = {{Contributions of Stratospheric Water Vapor to Decadal Changes in the Rate of Global Warming}},
Journal = {{Science}},
Year = {{2010}},
Volume = {{327}},
Number = {{5970}},
Pages = {{1219--1223}},
Month = {{MAR 5}},
DOI = {{10.1126/science.1182488}},
ISSN = {{0036-8075}},
}

@article{ACP:Wang2014,
Author = {Wang, W. and Tian, W. and Dhomse, S. and Xie, E. and Shu, J. and Austin,
   J.},
Title = {{Stratospheric ozone depletion from future nitrous oxide increases}},
Journal = {{Atmos. Chem. Phys.}},
Year = {{2014}},
Volume = {{14}},
Number = {{23}},
Pages = {{12967--12982}},
DOI = {{10.5194/acp-14-12967-2014}},
ISSN = {{1680-7316}},
}
@Article{GMD:Joeckel2016,
AUTHOR = {J\"ockel, P. and Tost, H. and Pozzer, A. and Kunze, M. and Kirner, O. and Brenninkmeijer, C. A. M. and Brinkop, S. and Cai, D. S. and Dyroff, C. and Eckstein, J. and Frank, F. and Garny, H. and Gottschaldt, K.-D. and Graf, P. and Grewe, V. and Kerkweg, A. and Kern, B. and Matthes, S. and Mertens, M. and Meul, S. and Neumaier, M. and N\"utzel, M. and Oberl\"ander-Hayn, S. and Ruhnke, R. and Runde, T. and Sander, R. and Scharffe, D. and Zahn, A.},
TITLE = {Earth System Chemistry integrated Modelling (ESCiMo) with the Modular Earth Submodel System (MESSy) version~2.51},
JOURNAL = {{Geosci. Model Dev.}},
VOLUME = {9},
YEAR = {2016},
NUMBER = {3},
PAGES = {1153--1200},
URL = {https://www.geosci-model-dev.net/9/1153/2016/},
DOI = {10.5194/gmd-9-1153-2016}
}

@article{ACP:Pozzer2006,
Author = {Pozzer, A. and J\"{o}ckel, P. J. and Sander, R. and Williams, J. and
   Ganzeveld, L. and Lelieveld, J.},
Title = {{Technical note: the MESSy-submodel AIRSEA calculating the air-sea
   exchange of chemical species}},
Journal = {{Atmos. Chem. Phys.}},
Year = {{2006}},
Volume = {{6}},
Pages = {{5435--5444}},
Month = {{DEC 5}},
ISSN = {{1680-7316}},
EISSN = {{1680-7324}},
}

@Article{GMD:Joeckel2010,
AUTHOR = {J\"ockel, P. and Kerkweg, A. and Pozzer, A. and Sander, R. and Tost, H. and Riede, H. and Baumg\"{a}rtner, A. and Gromov, S. and Kern, B.},
TITLE = {{Development cycle 2 of the Modular Earth Submodel System (MESSy2)}},
JOURNAL = {{Geosci. Model Dev.}},
VOLUME = {3},
YEAR = {2010},
NUMBER = {2},
PAGES = {717--752},
URL = {http://www.geosci-model-dev.net/3/717/2010/},
DOI = {10.5194/gmd-3-717-2010}
}

@article{ACP:Joeckel2006,
Author = {J\"{o}ckel, P. and Tost, H. and Pozzer, A. and Br\"{u}hl, C. and Buchholz, J.
   and Ganzeveld, L. and Hoor, P. and Kerkweg, A. and Lawrence, M. G. and
   Sander, R. and Steil, B. and Stiller, G. and Tanarhte, M. and
   Taraborrelli, D. and Van Aardenne, J. and Lelieveld, J.},
Title = {{The atmospheric chemistry general circulation model ECHAM5/MESSy1:
   consistent simulation of ozone from the surface to the mesosphere}},
Journal = {{Atmos. Chem. Phys.}},
Year = {{2006}},
Volume = {{6}},
Pages = {{5067--5104}},
Month = {{NOV 7}},
ISSN = {{1680-7316}},
}

@article{JGR:Warwick2006,
Author = {Warwick, N. J. and Pyle, J. A. and Carver, G. D. and Yang, X. and
   Savage, N. H. and O'Connor, F. M. and Cox, R. A.},
Title = {{Global modeling of biogenic bromocarbons}},
Journal = {{J. Geophys. Res.-Atmos.}},
Year = {{2006}},
Volume = {{111}},
Number = {{D24}},
Month = {{DEC 21}},
DOI = {{10.1029/2006JD007264}},
Article-Number = {{D24305}},
ISSN = {{2169-897X}},
EISSN = {{2169-8996}},
}

@article{QJRMS:Wilcox2012,
Author = {Wilcox, L. J. and Hoskins, B. J. and Shine, K. P.},
Title = {{A global blended tropopause based on ERA data. Part II: Trends and
   tropical broadening}},
Journal = {{Q. J. Roy. Meteorol. Soc.}},
Year = {{2012}},
Volume = {{138}},
Number = {{664, A}},
Pages = {{576--584}},
Month = {{APR}},
DOI = {{10.1002/qj.910}},
ISSN = {{0035-9009}},
}

@article{GRL:Oberlaender2016,
Author = {Oberl\"{a}nder-Hayn, S. and Gerber, E. P. and Abalichin, J. and
   Akiyoshi, H. and Kerschbaumer, A. and Kubin, A. and Kunze,
   M. and Langematz, U. and Meul, S. and Michou, M. and
   Morgenstern, O. and Oman, L. D.},
Title = {{Is the Brewer-Dobson circulation increasing or moving upward?}},
Journal = {{Geophys. Res. Lett.}},
Year = {{2016}},
Volume = {{43}},
Number = {{4}},
Pages = {{1772--1779}},
Month = {{FEB 28}},
DOI = {{10.1002/2015GL067545}},
ISSN = {{0094-8276}}
}
﻿
@article{GRL:Hossaini2012,
Author = {Hossaini, R. and Chipperfield, M. P. and Dhomse, S. and Ordonez, C. and
   Saiz-Lopez, A. and Abraham, N. L. and Archibald, A. and Braesicke, P.
   and Telford, P. and Warwick, N. and Yang, X. and Pyle, J.},
Title = {{Modelling future changes to the stratospheric source gas injection of
   biogenic bromocarbons}},
Journal = {{Geophys. Res. Lett.}},
Year = {{2012}},
Volume = {{39}},
Number = {{20}},
Month = {{OCT 30}},
DOI = {{10.1029/2012GL053401}},
Article-Number = {{L20813}},
ISSN = {{0094-8276}}
}
 

@Article{ACP:Hossaini2016,
  author =       {Hossaini, R. and Patra, P. K. and Leeson, A. A. and Krysztofiak, G. and Abraham, N. L. and Andrews, S. J. and Archibald, A. T. and Aschmann, J. and Atlas, E. L. and Belikov, D. A. and B\"onisch, H. and Carpenter, L. J. and Dhomse, S. and Dorf, M. and Engel, A. and Feng, W. and Fuhlbr\"ugge, S. and Griffiths, P. T. and Harris, N. R. P. and Hommel, R. and Keber, T. and Kr\"uger, K. and Lennartz, S. T. and Maksyutov, S. and Mantle, H. and Mills, G. P. and Miller, B. and Montzka, S. A. and Moore, F. and Navarro, M. A. and Oram, D. E. and Pfeilsticker, K. and Pyle, J. A. and Quack, B. and Robinson, A. D. and Saikawa, E. and Saiz-Lopez, A. and Sala, S. and Sinnhuber, B.-M. and Taguchi, S. and Tegtmeier, S. and Lidster, R. T. and Wilson, C. and Ziska, F.},
  title =        {A multi-model intercomparison of halogenated very short-lived substances (TransCom-VSLS): 
                  linking oceanic emissions and tropospheric transport for a reconciled estimate of 
                  the stratospheric source gas injection of bromine},
  journal =      {Atmos. Chem. Phys.},
  year =         {2016},
  volume =    {16},
  number =    {14},
  pages =     {9163--9187},
  url =       {http://www.atmos-chem-phys.net/16/9163/2016/},
  doi =       {10.5194/acp-16-9163-2016}
}

@article{ACP:Ziska2013,
Author = {Ziska, F. and Quack, B. and Abrahamsson, K. and Archer, S. D. and Atlas,
   E. and Bell, T. and Butler, J. H. and Carpenter, L. J. and Jones, C. E.
   and Harris, N. R. P. and Hepach, H. and Heumann, K. G. and Hughes, C.
   and Kuss, J. and Kr\"{u}ger, K. and Liss, P. and Moore, R. M. and
   Orlikowska, A. and Raimund, S. and Reeves, C. E. and Reifenh\"{a}user, W.
   and Robinson, A. D. and Schall, C. and Tanhua, T. and Tegtmeier, S. and
   Turner, S. and Wang, L. and Wallace, D. and Williams, J. and Yamamoto,
   H. and Yvon-Lewis, S. and Yokouchi, Y.},
Title = {{Global sea-to-air flux climatology for bromoform, dibromomethane and
   methyl iodide}},
Journal = {{Atmos. Chem. Phys.}},
Year = {{2013}},
Volume = {{13}},
Number = {{17}},
Pages = {{8915--8934}},
DOI = {{10.5194/acp-13-8915-2013}},
ISSN = {{1680-7316}},
}

@article{ACP:Bruehl2012,
Author = {Br\"{u}hl, C. and Lelieveld, J. and Crutzen, P. J. and Tost, H.},
Title = {{The role of carbonyl sulphide as a source of stratospheric sulphate
   aerosol and its impact on climate}},
Journal = {{Atmos. Chem. Phys.}},
Year = {{2012}},
Volume = {{12}},
Number = {{3}},
Pages = {{1239--1253}},
DOI = {{10.5194/acp-12-1239-2012}},
}

@article{JGR:Bruehl2015,
Author = {Br\"{u}hl, C. and Lelieveld, J. and Tost, H. and H\"{o}pfner, M. and Glatthor,
   N.},
Title = {{Stratospheric sulfur and its implications for radiative forcing
   simulated by the chemistry climate model EMAC}},
Journal = {{J. Geophys. Res.-Atmos.}},
Year = {{2015}},
Volume = {{120}},
Number = {{5}},
Pages = {{2103--2118}},
Month = {{MAR 16}},
DOI = {{10.1002/2014JD022430}},
ISSN = {{2169-897X}},
}

@article{GMD:Pringle2010,
Author = {Pringle, K. J. and Tost, H. and Message, S. and Steil, B. and
   Giannadaki, D. and Nenes, A. and Fountoukis, C. and Stier, P. and
   Vignati, E. and Leieved, J.},
Title = {{Description and evaluation of GMXe: a new aerosol submodel for global
   simulations (v1)}},
Journal = {{Geosci. Model Dev.}},
Year = {{2010}},
Volume = {{3}},
Number = {{2}},
Pages = {{391--412}},
DOI = {{10.5194/gmd-3-391-2010}},
ISSN = {{1991-959X}},
}

@TechReport{JPL_11-10,
  author =       {Sander, S. P. and Burkholder, J. B. and Abbatt, J. P. D. and Barker, J. R. 
and Huie, R. E. and Kolb, C. E. and Kurylo, M. J. and Orkin, V. L. and Wilmouth, D. M. and Wine, P. H.},
  title =        {Chemical Kinetics and Photochemical Data for Use in Atmospheric Studies},
  institution =  {National Aeronautics and Space Administration, Jet Propulsion Laboratory},
  year =         {2011},
  OPTkey =       {},
  OPTtype =      {},
  number =    {17},
  OPTaddress =   {},
  month =     {October},
  OPTnote =      {},
  OPTannote =    {}
}

@TechReport{JPL_15-10,
  author =       {Sander, S. P. and Burkholder, J. B. and Abbatt, J. P. D. and Barker, J. R. and Huie, R. E. 
and Kolb, C. E. and Kurylo, M. J. and Orkin, V. L. and Wilmouth, D. M. and Wine, P. H.},
  title =        {Chemical Kinetics and Photochemical Data for Use in Atmospheric Studies},
  institution =  {National Aeronautics and Space Administration, Jet Propulsion Laboratory},
  year =         {2015},
  OPTkey =       {},
  OPTtype =      {},
  number =    {18},
  OPTaddress =   {},
  month =     {October},
  OPTnote =      {},
  OPTannote =    {}
}

@article{BGS:Laufkoetter2016,
Author = {Laufk\"{o}tter, C. and Vogt, M. and Gruber, N. and Aumont,
   O. and Bopp, L. and Doney, S. C. and Dunne, J. P. and
   Hauck, J. and John, J. G. and Lima, I. D. and Seferian, R.
   and Volker, C.},
Title = {{Projected decreases in future marine export production: the role of the
   carbon flux through the upper ocean ecosystem}},
Journal = {{Biogeosciences}},
Year = {{2016}},
Volume = {{13}},
Number = {{13}},
Pages = {{4023--4047}},
DOI = {{10.5194/bg-13-4023-2016}},
ISSN = {{1726-4170}},
}

@article{BGS:Laufkoetter2015,
Author = {Laufk\"{o}tter, C. and Vogt, M. and Gruber, N. and Aita-Noguchi, M. and
   Aumont, O. and Bopp, L. and Buitenhuis, E. and Doney, S. C. and Dunne,
   J. and Hashioka, T. and Hauck, J. and Hirata, T. and John, J. and Le
   Quere, C. and Lima, I. D. and Nakano, H. and Seferian, R. and
   Totterdell, I. and Vichi, M. and V\"{o}lker, C.},
Title = {{Drivers and uncertainties of future global marine primary production in
   marine ecosystem models}},
Journal = {{Biogeosciences}},
Year = {{2015}},
Volume = {{12}},
Number = {{23}},
Pages = {{6955--6984}},
DOI = {{10.5194/bg-12-6955-2015}},
ISSN = {{1726-4170}},
}

@article{CD:Voldoire2013,
Author = {Voldoire, A. and Sanchez-Gomez, E. and Salas y Melia, D. and Decharme,
   B. and Cassou, C. and Senesi, S. and Valcke, S. and Beau, I. and Alias,
   A. and Chevallier, M. and Deque, M. and Deshayes, J. and Douville, H.
   and Fernandez, E. and Madec, G. and Maisonnave, E. and Moine, M-P. and
   Planton, S. and Saint-Martin, D. and Szopa, S. and Tyteca, S. and
   Alkama, R. and Belamari, S. and Braun, A. and Coquart, L. and Chauvin,
   F.},
Title = {{The CNRM-CM5.1 global climate model: description and basic evaluation}},
Journal = {{Clim. Dynam.}},
Year = {{2013}},
Volume = {{40}},
Number = {{9-10, SI}},
Pages = {{2091--2121}},
Month = {{MAY}},
DOI = {{10.1007/s00382-011-1259-y}},
ISSN = {{0930-7575}},
}
﻿
@article{ACP:Ordonez2012,
Author = {Ordonez, C. and Lamarque, J.-F. and Tilmes, S. and Kinnison, D. E. and
   Atlas, E. L. and Blake, D. R. and Santos, G. Sousa and Brasseur, G. and
   Saiz-Lopez, A.},
Title = {{Bromine and iodine chemistry in a global chemistry-climate model:
   description and evaluation of very short-lived oceanic sources}},
Journal = {{Atmos. Chem. Phys.}},
Year = {{2012}},
Volume = {{12}},
Number = {{3}},
Pages = {{1423--1447}},
DOI = {{10.5194/acp-12-1423-2012}},
ISSN = {{1680-7316}},
}

@article{ACP:Liang2010,
Author = {Liang, Q. and Stolarski, R. S. and Kawa, S. R. and Nielsen, J. E. and
   Douglass, A. R. and Rodriguez, J. M. and Blake, D. R. and Atlas, E. L.
   and Ott, L. E.},
Title = {{Finding the missing stratospheric Br-y: a global modeling study of CHBr3
   and CH2Br2}},
Journal = {{Atmos. Chem. Phys.}},
Year = {{2010}},
Volume = {{10}},
Number = {{5}},
Pages = {{2269--2286}},
ISSN = {{1680-7316}},
}

@Article{EJ:Fujino2006,
Author = {Fujino, J. and Nair, R. and Kainuma, M. and Masui,
   T. and Matsuoka, Y.},
Title = {{Multi-gas mitigation analysis on stabilization scenarios using aim
   global model}},
Journal = {{Energ. J.}},
Year = {{2006}},
Number = {{3}},
Volume = "{Multi-Greenhouse Gas Mitigation and Climate Policy}",
Pages = {{343--353}},
ISSN = {{0195-6574}},
Unique-ID = {{ISI:000245467100018}},
}

@Article{GEE:Hijioka2008,
  author =       {Hijioka, Y. and Matsuoka, Y. and Nishimoto, H. and Masui, M. and Kainuma, M.},
  title =        {Global GHG emissions scenarios under GHG concentration stabilization targets},
  journal =      {J. Glob. Env. Eng.},
  year =         {2008},
  volume =    {13},
  pages =     {97--108}
}

@article{ACP:Kettle2002,
Author = {Kettle, A. J. and Kuhn, U. and von Hobe, M. and Kesselmeier, J. and Liss, P. S.
   and Andreae, M. O.},
Title = {{Comparing forward and inverse models to estimate the seasonal variation
   of hemisphere-integrated fluxes of carbonyl sulfide}},
Journal = {{Atmos. Chem. Phys.}},
Year = {{2002}},
Volume = {{2}},
Pages = {{343-361}},
Month = {{NOV 14}},
ISSN = {{1680-7316}}
}

@article{JGR:Kettle2002,
Author = {Kettle, A. J. and Kuhn, U. and von Hobe, M. and Kesselmeier, J. and Andreae,
   M. O.},
Title = {{Global budget of atmospheric carbonyl sulfide: Temporal and spatial
   variations of the dominant sources and sinks}},
Journal = {{J. Geophys. Res.-Atmos.}},
Year = {{2002}},
Volume = {{107}},
Number = {{D22}},
Month = {{NOV}},
Pages = {{ACH 25-1--ACH 25-16}},
DOI = {{10.1029/2002JD002187}},
Article-Number = {{4658}},
ISSN = {{2169-897X}}
}

@article{ACP:Hossaini2010,
Author = {Hossaini, R. and Chipperfield, M. P. and Monge-Sanz, B. M. and Richards,
   N. A. D. and Atlas, E. and Blake, D. R.},
Title = {{Bromoform and dibromomethane in the tropics: a 3-D model study of
   chemistry and transport}},
Journal = {{Atmos. Chem. Phys.}},
Year = {{2010}},
Volume = {{10}},
Number = {{2}},
Pages = {{719--735}},
DOI = {{10.5194/acp-10-719-2010}},
ISSN = {{1680-7316}}
}

@article{GRL:Muthers2016,
Author = {Muthers, S. and Kuchar, A. and Stenke, A. and Schmitt, J. and Anet, J.
   G. and Raible, C. C. and Stocker, T. F.},
Title = {{Stratospheric age of air variations between 1600 and 2100}},
Journal = {{Geophys. Res. Lett.}},
Year = {{2016}},
Volume = {{43}},
Number = {{10}},
Pages = {{5409--5418}},
Month = {{MAY 28}},
DOI = {{10.1002/2016GL068734}},
ISSN = {{0094-8276}},
}

@article{TAS:Austin2007,
Author = {Austin, J. and Wilson, J. and Li, F. and Vomel, H.},
Title = {{Evolution of water vapor concentrations and stratospheric age of air in
   coupled chemistry-climate model simulations}},
Journal = {{J. Atmos. Sci.}},
Year = {{2007}},
Volume = {{64}},
Number = {{3}},
Pages = {{905--921}},
Month = {{MAR}},
DOI = {{10.1175/JAS3866.1}},
ISSN = {{0022-4928}},
}

@article{JC:Austin2013,
Author = {Austin, J. and Horowitz, L. W. and Schwarzkopf, M. D. and
   Wilson, R. J. and Levy, H.},
Title = {{Stratospheric Ozone and Temperature Simulated from the Preindustrial Era
   to the Present Day}},
Journal = {{J. Climate}},
Year = {{2013}},
Volume = {{26}},
Number = {{11}},
Pages = {{3528--3543}},
Month = {{JUN}},
DOI = {{10.1175/JCLI-D-12-00162.1}},
ISSN = {{0894-8755}},
}

@article{CD:Butchart2006,
Author = {Butchart, N. and Scaife, A. A. and Bourqui, M. and de Grandpre, J. and
   Hare, S. H. E. and Kettleborough, J. and Langematz, U. and Manzini, E.
   and Sassi, F. and Shibata, K. and Shindell, D. and Sigmond, M.},
Title = {{Simulations of anthropogenic change in the strength of the Brewer-Dobson
   circulation}},
Journal = {{Clim. Dynam.}},
Year = {{2006}},
Volume = {{27}},
Number = {{7-8}},
Pages = {{727--741}},
Month = {{DEC}},
DOI = {{10.1007/s00382-006-0162-4}},
ISSN = {{0930-7575}},
}

@article{JC:Li2008,
Author = {Li, F. and Austin, J. and Wilson, J.},
Title = {{The strength of the Brewer-Dobson circulation in a changing climate:
   Coupled chemistry-climate model simulations}},
Journal = {{J. Climate}},
Year = {{2008}},
Volume = {{21}},
Number = {{1}},
Pages = {{40--57}},
Month = {{JAN}},
DOI = {{10.1175/2007JCLI1663.1}},
ISSN = {{0894-8755}},
}

@article{JGR:Eyring2006,
Author = {Eyring, V. and Butchart, N. and Waugh, D. W. and Akiyoshi, H. and
   Austin, J. and Bekki, S. and Bodeker, G. E. and Boville, B. A. and
   Br\"{u}hl, C. and Chipperfield, M. P. and Cordero, E. and Dameris, M. and
   Deushi, M. and Fioletov, V. E. and Frith, S. M. and Garcia, R. R. and
   Gettelman, A. and Giorgetta, M. A. and Grewe, V. and Jourdain, L. and
   Kinnison, D. E. and Mancini, E. and Manzini, E. and Marchand, M. and
   Marsh, D. R. and Nagashima, T. and Newman, P. A. and Nielsen, J. E. and
   Pawson, S. and Pitari, G. and Plummer, D. A. and Rozanov, E. and
   Schraner, M. and Shepherd, T. G. and Shibata, K. and Stolarski, R. S.
   and Struthers, H. and Tian, W. and Yoshiki, M.},
Title = {{Assessment of temperature, trace species, and ozone in chemistry-climate
   model simulations of the recent past}},
Journal = {{J. Geophys. Res.-Atmos.}},
Year = {{2006}},
Volume = {{111}},
Number = {{D22}},
Month = {{NOV 23}},
DOI = {{10.1029/2006JD007327}},
Article-Number = {{D22308}},
ISSN = {{2169-897X}},
}

@Misc{WMO2002,
  author =      "{Global Ozone Research and Monitoring Project}",
  title =       "{Scientific Assessment of Ozone Depletion: 2002}",
  institution = "{WMO (World Meteorological Organization)}",
  year =        {2003},
  volume =      {47},
  pages =       {498}
}

@Misc{WMO2010,
  author =      "{Global Ozone Research and Monitoring Project}",
  title =       "{Scientific Assessment of Ozone Depletion: 2010}",
  institution = "{WMO (World Meteorological Organization)}",
  year =        {2011},
  volume =      {52},
  pages =       {516}
}

@Misc{IPCC2013,
  author =       "{IPCC - Intergovernmental Panel on Climate Change}",
  title =        "{Climate Change 2013: The Physical Science Basis}",
  institution =  "{WMO, UNEP}",
  year =         {2013},
  number =    {5}
}

@article{ACP:Liang2014,
Author = {Liang, Q. and Atlas, E. and Blake, D. and Dorf, M. and Pfeilsticker, K.
   and Schauffler, S.},
Title = {{Convective transport of very short lived bromocarbons to the
   stratosphere}},
Journal = {{Atmos. Chem. Phys.}},
Year = {{2014}},
Volume = {{14}},
Number = {{11}},
Pages = {{5781--5792}},
DOI = {{10.5194/acp-14-5781-2014}},
ISSN = {{1680-7316}}
}

@article{NGEO:Pratt2013,
Author = {Pratt, K. A. and Custard, K. D. and Shepson, P. B. and Douglas,
   T. A. and P\"{o}hler, D. and General, S. and Zielcke, J.
   and Simpson, W. R. and Platt, U. and Tanner, D. J. and Huey,
   L. G. and Carlsen, M. and Stirm, B. H.},
Title = {{Photochemical production of molecular bromine in Arctic surface
   snowpacks}},
Journal = {{Nat. Geosci.}},
Year = {{2013}},
Volume = {{6}},
Number = {{5}},
Pages = {{351--356}},
Month = {{MAY}},
DOI = {{10.1038/NGEO1779}},
ISSN = {{1752-0894}},
}

@article{ACP:Kerkweg2006,
Author = {Kerkweg, A. and Sander, R. and Tost, H. and J\"{o}ckel, P.},
Title = {{Technical note: Implementation of prescribed (OFFLEM), calculated
   (ONLEM), and pseudo-emissions (TNUDGE) of chemical species in the
   Modular Earth Submodel System (MESSy)}},
Journal = {{Atmos. Chem. Phys.}},
Year = {{2006a}},
Volume = {{6}},
Pages = {{3603--3609}},
Month = {{SEP 4}},
ISSN = {{1680--7316}}
}

@Article{ACP:Kerkweg2006b,
AUTHOR = {Kerkweg, A. and Buchholz, J. and Ganzeveld, L. and Pozzer, A. and Tost, H. and J\"ockel, P.},
TITLE = {Technical Note: An implementation of the dry removal processes DRY DEPosition and SEDImentation in the Modular Earth Submodel System (MESSy)},
JOURNAL = {{Atmos. Chem. Phys.}},
VOLUME = {6},
YEAR = {2006b},
NUMBER = {12},
PAGES = {4617--4632},
URL = {http://www.atmos-chem-phys.net/6/4617/2006/},
DOI = {10.5194/acp-6-4617-2006}
}

@article{ACP:Joeckel2008,
Author = {J\"{o}ckel, P. and Kerkweg, A. and Buchholz-Dietsch, J. and Tost, H. and
   Sander, R. and Pozzer, A.},
Title = {{Technical note: Coupling of chemical processes with the modular earth
   submodel system (MESSy) submodel TRACER}},
Journal = {{Atmos. Chem. Phys.}},
Year = {{2008}},
Volume = {{8}},
Number = {{6}},
Pages = {{1677--1687}},
ISSN = {{1680--7316}}
}

@article{ACP:Tost2006,
Author = {Tost, H. and J\"{o}ckel, P. J. and Kerkweg, A. and Sander, R. and Lelieveld, J.},
Title = {{Technical note: A new comprehensive SCAVenging submodel for global
   atmospheric chemistry modelling}},
Journal = {{Atmos. Chem. Phys.}},
Year = {{2006}},
Volume = {{6}},
Pages = {{565--574}},
Month = {{FEB 23}},
ISSN = {{1680--7316}}
}

@article{GMD:Michou2011,
Author = {Michou, M. and Saint-Martin, D. and Teyssedre, H. and Alias, A. and
   Karcher, F. and Olivie, D. and Voldoire, A. and Josse, B. and Peuch, V.
   -H. and Clark, H. and Lee, J. N. and Cheroux, F.},
Title = {{A new version of the CNRM Chemistry-Climate Model, CNRM-CCM: description
   and improvements from the CCMVal-2 simulations}},
Journal = {{Geosci. Model Dev.}},
Year = {{2011}},
Volume = {{4}},
Number = {{4}},
Pages = {{873-900}},
DOI = {{10.5194/gmd-4-873-2011}},
ISSN = {{1991-959X}}
}

@Article{GMD:Morgenstern2017,
AUTHOR = {Morgenstern, O. and Hegglin, M. I. and Rozanov, E. and O'Connor, F. M. and Abraham, N. L. and Akiyoshi, H. and Archibald, A. T. and Bekki, S. and Butchart, N. and Chipperfield, M. P. and Deushi, M. and Dhomse, S. S. and Garcia, R. R. and Hardiman, S. C. and Horowitz, L. W. and J\"ockel, P. and Josse, B. and Kinnison, D. and Lin, M. and Mancini, E. and Manyin, M. E. and Marchand, M. and Mar\'ecal, V. and Michou, M. and Oman, L. D. and Pitari, G. and Plummer, D. A. and Revell, L. E. and Saint-Martin, D. and Schofield, R. and Stenke, A. and Stone, K. and Sudo, K. and Tanaka, T. Y. and Tilmes, S. and Yamashita, Y. and Yoshida, K. and Zeng, G.},
TITLE = {Review of the global models used within {phase 1 of} the Chemistry--Climate Model Initiative (CCMI)},
JOURNAL = {Geosci. Model Dev.},
VOLUME = {10},
YEAR = {2017},
NUMBER = {2},
PAGES = {639--671},
URL = {https://www.geosci-model-dev.net/10/639/2017/},
DOI = {10.5194/gmd-10-639-2017}
}

@article{GMD:Sander2014,
Author = {Sander, R. and J\"{o}ckel, P. and Kirner, O. and Kunert, A. T. and
   Landgraf, J. and Pozzer, A.},
Title = {{The photolysis module JVAL-14, compatible with the MESSy standard, and
   the JVal PreProcessor (JVPP)}},
Journal = {{Geosci. Model Dev.}},
Year = {{2014}},
Volume = {{7}},
Number = {{6}},
Pages = {{2653--2662}},
DOI = {{10.5194/gmd-7-2653-2014}},
ISSN = {{1991-959X}}
}
﻿
@article{JC:Reynolds2002,
Author = {Reynolds, R. W. and Rayner, N. A. and Smith, T. M. and Stokes, D. C. and Wang, W. Q.},
Title = {{An improved in situ and satellite SST analysis for climate}},
Journal = {{J. Climate}},
Year = {{2002}},
Volume = {{15}},
Number = {{13}},
Pages = {{1609--1625}},
Month = {{JUL}},
DOI = {{10.1175/1520-0442(2002)015<1609:AIISAS>2.0.CO;2}},
ISSN = {{0894-8755}}
}

@Article{ACP:Loeffler2016,
AUTHOR = {L\"offler, M. and Brinkop, S. and J\"ockel, P.},
TITLE = {Impact of major volcanic eruptions on stratospheric water vapour},
JOURNAL = {Atmos. Chem. Phys.},
VOLUME = {16},
YEAR = {2016},
NUMBER = {10},
PAGES = {6547--6562},
URL = {http://www.atmos-chem-phys.net/16/6547/2016/},
DOI = {10.5194/acp-16-6547-2016}
}

@Article{ACP:Yang2014,
AUTHOR = {Yang, X. and Abraham, N. L. and Archibald, A. T. and Braesicke, P. and Keeble, J. and Telford, P. J. and Warwick, N. J. and Pyle, J. A.},
TITLE = {{How sensitive is the recovery of stratospheric ozone to changes in concentrations of very short-lived bromocarbons?}},
JOURNAL = {Atmos. Chem. Phys.},
VOLUME = {14},
YEAR = {2014},
PAGES = {10431--10438},
DOI = {10.5194//acp-14-10431-2014},
}

@Article{GRL:Oman2016,
AUTHOR = {Oman, L. D. and Douglass, A. R. and Salawitch, R. J. and Canty, T. P. and Ziemke, J. R. and Manyin, M.},
TITLE = {{The effect of representing bromine from VSLS on the simulation and evolution of Antarctic ozone}},
Journal = {{Geophys. Res. Lett.}},
Year = {{2016}},
Volume = {{43}},
Pages = {{9869--9876}},
DOI = {{10.1002//2016GL070471}},
}

﻿@article {LO:Lin2012,
author = {Lin, Chia Yu and Manley, Steven L.},
title = {Bromoform production from seawater treated with bromoperoxidase},
journal = {Limnol. Oceanogr.},
volume = {57},
number = {6},
issn = {1939-5590},
url = {http://dx.doi.org/10.4319/lo.2012.57.6.1857},
doi = {10.4319/lo.2012.57.6.1857},
pages = {1857--1866},
year = {2012},
}

@article{MC:Hughes2013,
Author = {Hughes, C. and Johnson, M. and Utting, R. and Turner, S. and Malin, G.
   and Clarke, A. and Liss, P. S.},
Title = {{Microbial control of bromocarbon concentrations in coastal waters of the
   western Antarctic Peninsula}},
Journal = {{Mar. Chem.}},
Year = {{2013}},
Volume = {{151}},
Pages = {{35--46}},
Month = {{APR 20}},
DOI = {{10.1016/j.marchem.2013.01.007}},
ISSN = {{0304-4203}},
ResearcherID-Numbers = {{Malin, Gill/C-6985-2009}},
ORCID-Numbers = {{Malin, Gill/0000-0002-3639-9215}},
Unique-ID = {{ISI:000318058900004}},
}

@article{JGR:Moore1996,
Author = {Moore, R. M. and Webb, M. and Tokarczyk, R. and Wever, R.},
Title = {{Bromoperoxidase and iodoperoxidase enzymes and production of halogenated
   methanes in marine diatom cultures}},
Journal = {{J. Geophys. Res.-Oceans}},
Year = {{1996}},
Volume = {{101}},
Number = {{C9}},
Pages = {{20899-20908}},
Month = {{SEP 15}},
DOI = {{10.1029/96JC01248}},
ISSN = {{0148-0227}},
Unique-ID = {{ISI:A1996VH01500030}},
}

@article {JGRC:Wanninkhof1992,
author = {Wanninkhof, R.},
title = {Relationship between wind speed and gas exchange over the ocean},
journal = {J. Geophys. Res.-Oceans},
volume = {97},
number = {C5},
issn = {2156-2202},
url = {http://dx.doi.org/10.1029/92JC00188},
doi = {10.1029/92JC00188},
pages = {7373--7382},
keywords = {Air/sea interactions, General or miscellaneous},
year = {1992},
}

@article{GRS:Nightingale2000,
Author = {Nightingale, P. D. and Liss, P. S. and Schlosser, P.},
Title = {{Measurements of air-sea gas transfer during an open ocean algal bloom.}},
Journal = {{Geophys. Res. Lett.}},
Year = {{2000}},
Volume = {{27}},
Number = {{14}},
Pages = {{2117--2120}},
Month = {{JUL 15}},
DOI = {{10.1029/2000GL011541}},
ISSN = {{0094-8276}}
}

@article{GRL:Salawitch2005,
Author = {Salawitch, R. J. and Weisenstein, D. K. and Kovalenko, L. J. and Sioris, C. E. and Wennberg, P. O. and Chance, K. and Ko, M. K. W. and McLinden, C. A.},
Title = {{Sensitivity of ozone to bromine in the lower stratosphere}},
Journal = {{Geophys. Res. Lett.}},
Year = {{2005}},
Volume = {{32}},
Number = {{5}},
Month = {{MAR 9}},
DOI = {{10.1029/2004GL021504}},
Article-Number = {{L05811}},
ISSN = {{0094-8276}}
}

@article{ACP:Braesicke2013,
Author = {Braesicke, P. and Keeble, J. and Yang, X. and Stiller, G. and Kellmann,
   S. and Abraham, N. L. and Archibald, A. and Telford, P. and Pyle, J. A.},
Title = {{Circulation anomalies in the Southern Hemisphere and ozone changes}},
Journal = {{Atmos. Chem. Phys.}},
Year = {{2013}},
Volume = {{13}},
Number = {{21}},
Pages = {{10677--10688}},
DOI = {{10.5194/acp-13-10677-2013}}
}

% Polar bromine
@article{JGR:Oltmans1981,
Author = {Oltmans, S. J.},
Title = {{Surface Ozone Measurements In Clean-Air}},
Journal = {{J. Geophys. Res.-Oceans Atmos.}},
Year = {{1981}},
Volume = {{86}},
Number = {{NC2}},
Pages = {{1174--1180}},
DOI = {{10.1029/JC086iC02p01174}},
ISSN = {{0148-0227}}
}

@article{JGR:Bottenheim2006,
Author = {Bottenheim, J. W. and Chan, E.},
Title = {{A trajectory study into the origin of spring time Arctic boundary layer
   ozone depletion}},
Journal = {{J. Geophys. Res.-Atmos.}},
Year = {{2006}},
Volume = {{111}},
Number = {{D19}},
Month = {{OCT 3}},
DOI = {{10.1029/2006JD007055}},
Article-Number = {{D19301}},
ISSN = {{2169-897X}},
Unique-ID = {{ISI:000241119300003}},
}

@article{GRL:Bottenheim1986,
Author = {Bottenheim, J. W. and Gallant, A. G. and Brice, K. A.},
Title = {{Measutements of NOy Species and O-3 at 82-Degrees-N Latitude}},
Journal = {{Geophys. Res. Lett.}},
Year = {{1986}},
Volume = {{13}},
Number = {{2}},
Pages = {{113--116}},
Month = {{FEB}},
DOI = {{10.1029/GL013i002p00113}}
}

@article{AE:Bottenheim2002,
Author = {Bottenheim, J. W. and Fuentes, J. D. and Tarasick, D. W. and Anlauf, K. G.},
Title = {{Ozone in the Arctic lower troposphere during winter and spring 2000
   (ALERT2000)}},
Journal = {{Atmos. Environ.}},
Year = {{2002}},
Volume = {{36}},
Number = {{15-16}},
Pages = {{2535--2544}},
Month = {{MAY-JUN}},
DOI = {{10.1016/S1352-2310(02)00121-8}},
Article-Number = {{PII S1352-2310(02)00121-8}}
}

@article{ACP:Bottenheim2009,
Author = {Bottenheim, J. W. and Netcheva, S. and Morin, S. and Nghiem, S. V.},
Title = {{Ozone in the boundary layer air over the Arctic Ocean: measurements
   during the TARA transpolar drift 2006-2008}},
Journal = {{Atmos. Chem. Phys.}},
Year = {{2009}},
Volume = {{9}},
Number = {{14}},
Pages = {{4545--4557}},
}

@article{JGR:Michalowski2000,
Author = {Michalowski, B. A. and Francisco, J. S. and Li, S. M. and Barrie, L. A. and
   Bottenheim, J. W. and Shepson, P. B.},
Title = {{A computer model study of multiphase chemistry in the Arctic boundary
   layer during polar sunrise}},
Journal = {{J. Geophys. Res.-Atmos.}},
Year = {{2000}},
Volume = {{105}},
Number = {{D12}},
Pages = {{15131--15145}},
Month = {{JUN 27}},
DOI = {{10.1029/2000JD900004}}
}

@article{GRL:Boudies2000,
Author = {Boudries, H. and Bottenheim, J. W.},
Title = {{Cl and Br atom concentrations during a surface boundary layer ozone
   depletion event in the Canadian high Arctic}},
Journal = {{Geophys. Res. Lett.}},
Year = {{2000}},
Volume = {{27}},
Number = {{4}},
Pages = {{517--520}},
Month = {{FEB 15}},
DOI = {{10.1029/1999GL011025}},
}

@article{JGR:Li1994,
Author = {Li, S. M. and Yokouchi, Y. and Barrie, L. A. and Muthuramu, K. and Shepson, P. B.
   and Bottenheim, J. W. and Sturges, W. T. and Landsberger, S.},
Title = {{Organic and Inorganic Bromine Compounds and Their Composition in the
   Arctic Troposphere During Polar Sunrise}},
Journal = {{J. Geophys. Res.-Atmos.}},
Year = {{1994}},
Volume = {{99}},
Number = {{D12}},
Pages = {{25415--25428}},
Month = {{DEC 20}},
DOI = {{10.1029/93JD03343}},
}

@article{JGR:Leaitch1994,
Author = {Leaitch, W. R. and Barrie, L. A. and Bottenheim, J. W. and Li, S. M. and Shepson, P. B.
   and Muthuramu, K. and Yokouchi, Y.},
Title = {{Airborne Observations Related to Ozone Depletion at Polar Sunrise}},
Journal = {{J. Geophys. Res.-Atmos.}},
Year = {{1994}},
Volume = {{99}},
Number = {{D12}},
Pages = {{25499--25517}},
Month = {{DEC 20}},
DOI = {{10.1029/94JD02750}}
}

@article{AE:Kieser1993,
Author = {Kieser, B. N. and Bottenheim, J. W. and Sideris, T. and Niki, H.},
Title = {{Spring 1989 Observations of Lower Tropospheric Chemistry in the Canadian
   High Aartics}},
Journal = {{Atmos. Environ. A-Gen}},
Year = {{1993}},
Volume = {{27}},
Number = {{17-18}},
Pages = {{2979-2988}},
Month = {{DEC}},
DOI = {{10.1016/0960-1686(93)90330-2}},
ISSN = {{0004-6981}},
Unique-ID = {{ISI:A1993MP87100029}},
}

@article{Nat:McConnell1992,
Author = {{McConnell, J. C. and Henderson, G. S. and Barrie, L. and Bottenheim, J. and
   Niki, H. and Langford, C. H. and Tempelton, E. M. J.}},
Title = {{Photochemical Bromine Production Implicated in Arctic Boundary-Layer
   Ozone Depletion}},
Journal = {{Nature}},
Year = {{1992}},
Volume = {{355}},
Number = {{6356}},
Pages = {{150--152}},
Month = {{JAN 9}},
DOI = {{10.1038/355150a0}}
}

@article{GRL:Kaleschke2004,
Author = {Kaleschke, L. and Richter, A. and Burrows, J. and Afe, O. and Heygster, G.
   and Notholt, J. and Rankin, A. M. and Roscoe, H. K. and Hollwedel, J. and
   Wagner, T. and Jacobi, H. W.},
Title = {{Frost flowers on sea ice as a source of sea salt and their influence on
   tropospheric halogen chemistry}},
Journal = {{Geophys. Res. Lett.}},
Year = {{2004}},
Volume = {{31}},
Number = {{16}},
Month = {{AUG 25}},
DOI = {{10.1029/2004GL020655}},
Article-Number = {{L16114}}
}

@article{ACP:Yang2010,
Author = {Yang, X. and Pyle, J. A. and Cox, R. A. and Theys, N. and Van
   Roozendael, M.},
Title = {{Snow-sourced bromine and its implications for polar tropospheric ozone}},
Journal = {{Atmos. Chem. Phys.}},
Year = {{2010}},
Volume = {{10}},
Number = {{16}},
Pages = {{7763--7773}},
DOI = {{10.5194/acp-10-7763-2010}}
}

@article{ACP:Sander2006,
Author = {Sander, R. and Burrows, J. and Kaleschke, L.},
Title = {{Carbonate precipitation in brine - a potential trigger for tropospheric
   ozone depletion events}},
Journal = {{Atmos. Chem. Phys.}},
Year = {{2006}},
Volume = {{6}},
Pages = {{4653--4658}},
Month = {{OCT 17}}
}

@article{ACP:Simpson2007a,
Author = {Simpson, W. R. and Carlson, D. and Hoenninger, G. and Douglas, T. A. and
   Sturm, M. and Perovich, D. and Platt, U.},
Title = {{First-year sea-ice contact predicts bromine monoxide (BrO) levels at
   Barrow, Alaska better than potential frost flower contact}},
Journal = {{Atmos. Chem. Phys.}},
Year = {{2007}},
Volume = {{7}},
Pages = {{621--627}},
Month = {{FEB 9}},
}

@article{ACP:Simpson2007b,
Author = {Simpson, W. R. and von Glasow, R. and Riedel, K. and Anderson, P. and
   Ariya, P. and Bottenheim, J. and Burrows, J. and Carpenter, L. J. and
   Friess, U. and Goodsite, M. E. and Heard, D. and Hutterli, M. and
   Jacobi, H.-W. and Kaleschke, L. and Neff, B. and Plane, J. and Platt, U.
   and Richter, A. and Roscoe, H. and Sander, R. and Shepson, P. and
   Sodeau, J. and Steffen, A. and Wagner, T. and Wolff, E.},
Title = {{Halogens and their role in polar boundary-layer ozone depletion}},
Journal = {{Atmos. Chem. Phys.}},
Year = {{2007}},
Volume = {{7}},
Number = {{16}},
Pages = {{4375--4418}}
}

@article{ACP:Custard2015,
Author = {Custard, K. D. and Thompson, C. R. and Pratt, K. A. and Shepson, P. B.
   and Liao, J. and Huey, L. G. and Orlando, J. J. and Weinheimer, A. J.
   and Apel, E. and Hall, S. R. and Flocke, F. and Mauldin, L. and
   Hornbrook, R. S. and Poehler, D. and General, S. and Zielcke, J. and
   Simpson, W. R. and Platt, U. and Fried, A. and Weibring, P. and Sive, B.
   C. and Ullmann, K. and Cantrell, C. and Knapp, D. J. and Montzka, D. D.},
Title = {{The NOx dependence of bromine chemistry in the Arctic atmospheric
   boundary layer}},
Journal = {{Atmos. Chem. Phys.}},
Year = {{2015}},
Volume = {{15}},
Number = {{18}},
Pages = {{10799--10809}},
DOI = {{10.5194/acp-15-10799-2015}}
}

@article{CSR:SaizLopez2012,
Author = {Saiz-Lopez, A. and von Glasow, R.},
Title = {{Reactive halogen chemistry in the troposphere}},
Journal = {{Chem. Soc. Rev.}},
Year = {{2012}},
Volume = {{41}},
Number = {{19}},
Pages = {{6448--6472}},
DOI = {{10.1039/c2cs35208g}}
}

@article{ACP:Toyota2011,
Author = {Toyota, K. and McConnell, J. C. and Lupu, A. and Neary, L. and McLinden,
   C. A. and Richter, A. and Kwok, R. and Semeniuk, K. and Kaminski, J. W.
   and Gong, S. -L. and Jarosz, J. and Chipperfield, M. P. and Sioris, C.
   E.},
Title = {{Analysis of reactive bromine production and ozone depletion in the
   Arctic boundary layer using 3-D simulations with GEM-AQ: inference from
   synoptic-scale patterns}},
Journal = {{Atmos. Chem. Phys.}},
Year = {{2011}},
Volume = {{11}},
Number = {{8}},
Pages = {{3949--3979}},
DOI = {{10.5194/acp-11-3949-2011}}
}

@article{GLR:Richter1998,
Author = {Richter, A. and Wittrock, F. and Eisinger, M. and Burrows, J. P.},
Title = {{GOME observations of tropospheric BrO in northern hemispheric spring and
   summer 1997}},
Journal = {{Geophys. Res. Lett.}},
Year = {{1998}},
Volume = {{25}},
Number = {{14}},
Pages = {{2683--2686}},
Month = {{JUL 15}},
DOI = {{10.1029/98GL52016}}
}

@article{JC:Roeckner2006,
Author = {Roeckner, E. and Brokopf, R. and Esch, M. and Giorgetta, M. and
   Hagemann, S. and Kornblueh, L. and Manzini, E. and Schlese, U. and
   Schulzweida, U.},
Title = {{Sensitivity of simulated climate to horizontal and vertical resolution
   in the ECHAM5 atmosphere model}},
Journal = {{J. Climate}},
Year = {{2006}},
Volume = {{19}},
Number = {{16}},
Pages = {{3771--3791}},
Month = {{AUG}},
DOI = {{10.1175/JCLI3824.1}}
}

@inproceedings{ASR:Richter2002,
Author = {Richter, A. and Wittrock, F. and Ladstatter-Weissenmayer, A. and Burrows, J. P.},
Editor = {{Burrows, J. P. and Takeucki, N.}},
Title = {{GOME measurements of stratospheric and tropospheric BrO}},
Booktitle = {{REMOTE SENSING OF TRACE CONSTITUENTS IN THE LOWER STRATOSPHERE,
   TROPOSPHERE AND THE EARTH'S SURFACE: GLOBAL OBSERVATIONS, AIR POLLUTION
   AND THE ATMOSPHERIC CORRECTION}},
Series = {{Adv. Space. Res.}},
Year = {{2002}},
Volume = {{29}},
OPTNumber = {{11}},
Pages = {{1667--1672}},
Note = {{A1 2 Symposium of COSPAR Scientific Commission A held at the 33rd COSPAR
   Scientific Assembly, WARSAW, POLAND, JUL, 2000}},
Organization = {{Comm Space Res}},
DOI = {{10.1016/S0273-1177(02)00123-0}},
Article-Number = {{PII S0273-1177(02)00123-0}}
}

@article{EST:Lindberg2002,
Author = {Lindberg, S. E. and Brooks, S. and Lin, C. J. and Scott, K. J. and Landis, M. S. and
   Stevens, R. K. and Goodsite, M. and Richter, A.},
Title = {{Dynamic oxidation of gaseous mercury in the Arctic troposphere at polar
   sunrise}},
Journal = {{Envir. Sci. Tech.}},
Year = {{2002}},
Volume = {{36}},
Number = {{6}},
Pages = {{1245--1256}},
Month = {{MAR 15}},
DOI = {{10.1021/es0111941}},
}

@article{JGR:Stephens2012,
Author = {Stephens, C. R. and Shepson, P. B. and Steffen, A. and
   Bottenheim, J. W. and Liao, J. and Huey, L. G. and Apel, E. and
   Weinheimer, A. and Hall, S. R. and Cantrell, C. and Sive,
   B. C. and Knapp, D. J. and Montzka, D. D. and Hornbrook, R. S.},
Title = {{The relative importance of chlorine and bromine radicals in the
   oxidation of atmospheric mercury at Barrow, Alaska}},
Journal = {{J. Geophys. Res.-Atmos.}},
Year = {{2012}},
Volume = {{117}},
Month = {{MAR 3}},
DOI = {{10.1029/2011JD016649}},
Article-Number = {{D00R11}}
}

@article{ACP:Kaminski2008,
Author = {Kaminski, J. W. and Neary, L. and Struzewska, J. and McConnell, J. C.
   and Lupu, A. and Jarosz, J. and Toyota, K. and Gong, S. L. and Cote, J.
   and Liu, X. and Chance, K. and Richter, A.},
Title = {{GEM-AQ, an on-line global multiscale chemical weather modelling system:
   model description and evaluation of gas phase chemistry processes}},
Journal = {{Atmos. Chem. Phys.}},
Year = {{2008}},
Volume = {{8}},
Number = {{12}},
Pages = {{3255-3281}},
}

@Article{ACP:Gong2012,
AUTHOR = {{Gong, S. L. and Lavou\'e, D. and Zhao, T. L. and Huang, P. and Kaminski, J. W.}},
TITLE = {{GEM-AQ/EC, an on-line global multi-scale chemical weather modelling system: model development and evaluation of global aerosol climatology}},
JOURNAL = {{Atmos. Chem. Phys.}},
VOLUME = {12},
YEAR = {2012},
NUMBER = {17},
PAGES = {8237--8256},
URL = {http://www.atmos-chem-phys.net/12/8237/2012/},
DOI = {10.5194/acp-12-8237-2012}
}

@Article{GMD:Sander2011,
AUTHOR = {Sander, R. and Baumgaertner, A. and Gromov, S. and Harder, H. and J\"ockel, P. and Kerkweg, A. and Kubistin, D. and Regelin, E. and Riede, H. and Sandu, A. and Taraborrelli, D. and Tost, H. and Xie, Z.-Q.},
TITLE = {{The atmospheric chemistry box model CAABA/MECCA-3.0}},
JOURNAL = {{Geosci. Model Dev.}},
VOLUME = {4},
YEAR = {2011},
NUMBER = {2},
PAGES = {373--380},
URL = {http://www.geosci-model-dev.net/4/373/2011/},
DOI = {10.5194/gmd-4-373-2011}
}

@article{AE:Wesely1989,
Author = {Wesely, M. L.},
Title = {{Parameterization Of Surface Resistances To Gaseous Dry Deposition In
   Regional-Scale Numerical-Models}},
Journal = {{Atmos. Environ.}},
Year = {{1989}},
Volume = {{23}},
Number = {{6}},
Pages = {{1293-1304}},
DOI = {{10.1016/0004-6981(89)90153-4}},
ISSN = {{1352-2310}},
Unique-ID = {{ISI:A1989AE83500010}},
}

@article{ACP:Helmig2007,
Author = {Helmig, D. and Ganzeveld, L. and Butler, T. and Oltmans, S. J.},
Title = {{The role of ozone atmosphere-snow gas exchange on polar, boundary-layer
   tropospheric ozone - a review and sensitivity analysis}},
Journal = {{Atmos. Chem. Phys.}},
Year = {{2007}},
Volume = {{7}},
Month = {{JAN 5}},
ISSN = {{1680-7316}},
ResearcherID-Numbers = {{Butler, Tim/G-1139-2011}},
Unique-ID = {{ISI:000243333700001}},
}

@Misc{EASE-Grid,
  OPTkey =       {},
  author =    {{US National Snow \& Ice Data Center (NSIDC)}},
  title =     {{EASE-Grid Sea Ice Age}},
  howpublished = "{online}",
  OPTmonth =     {},
  year =      {2017},
  note =      {{http://nsidc.org/soac/sea-ice-age-year.html\#seaiceagesequential}},
  OPTannote =    {}
}

@article{GRL:Sinnhuber2005,
Author = {Sinnhuber, B.-M. and Rozanov, A. and Sheode, N. and Afe, O.T. and Richter, A. and Sinnhuber, M. and Wittrock, F. and Burrows, J. P. and Stiller, G. P. and von Clarmann, T. and Linden, A.},
Title = {{Global observations of stratospheric bromine monoxide from SCIAMACHY}},
Journal = {{Geophys. Res. Lett.}},
Year = {{2005}},
Volume = {{32}},
Number = {{20}},
Month = {{OCT 22}},
DOI = {{10.1029/2005GL023839}},
Article-Number = {{L20810}}
}


@Article{ACP:Abbatt2012,
  author =       {Abbatt, T. P. D. and Thomas, J. L. and Abrahamsson, K. and Boxxe, C. and Granfors, A. and Jones, A. E. and King, M. D. and Saiz-Lopez, A. and Shepson, P. B. and Sodeau, J. and Toohey, D. W.and Toubin, C. and von Glasow, R. and Wren, S. N. and Yang, X.},
  title =        "{Halogene activation via interactions with environmental ice and snow in the polar lower troposphere amd other regions}",
  journal =      {{Atmos. Chem. Phys.}},
  year =         {2012},
  volume =    {12},
  pages =     {6237--6271},
  DOI = {10.5194/acp-12-6237-2012}
}

@Article{Nat:Barrie1988,
  author =       {Barrie, L. A. and Bottenheim, J. W. and Schnell, R. C. and Crutzen, P. J. and Rasmussen, R. A.},
  title =        "{Ozone destruction and photochemical reactions at polar sunrise in the lower Arctic atmosphere}",
  journal =      {Nature},
  year =         {1988},
  volume =    {334},
  pages =     {138--141},
  DOI = {{10.1038/334138a0}}
}

@article{AE:Strong2002,
title = {{Thermodynamic attributes of Arctic boundary layer ozone depletion}},
author = {Strong, C. and Fuentes, J. D. and Davis, R. E. and Bottenheim, J. W.},
journal = {{Atmos. Environ.}},
volume = {{36}},
number = {{15}},
pages = {{2641--2652}},
year = {{2002}},
note = {{Air/Snow/Ice Interactions in the Arctic: Results from ALERT 2000 and SUMMIT 2000}},
issn = {{1352-2310}},
doi = {{https://doi.org/10.1016/S1352-2310(02)00114-0}},
url = {{http://www.sciencedirect.com/science/article/pii/S1352231002001140}},
}

@article{AE:Oltmans2008,
title = {{Episodes of high surface-ozone amounts at South Pole during summer and their impact on the long-term surface-ozone variation}},
author = {{Oltmans, S. J. and Johnson, B. J. and Helmig, D.}},
journal = {{Atmos. Environ.}},
volume = {{42}},
number = {{12}},
pages = {{2804--2816}},
year = {{2008}},
note = {{Antarctic Tropospheric Chemistry Investigation (ANTCI) 2003}},
issn = {{1352-2310}},
doi = {{https://doi.org/10.1016/j.atmosenv.2007.01.020}},
url = {{http://www.sciencedirect.com/science/article/pii/S1352231007000726}},
}

@Article{ACP:Thomas2011,
author = {Thomas, J. L. and Stutz, J. and Lefer, B. and Huey, L. G. and Toyota, K. and Dibb, J. E. and von Glasow, R.},
title = {Modeling chemistry in and above snow at Summit, Greenland – Part 1:  Model description and results},
journal = {{Atmos. Chem. Phys.}},
volume = {11},
year = {2011},
number = {10},
pages = {4899--4914},
url = {https://www.atmos-chem-phys.net/11/4899/2011/},
doi = {10.5194/acp-11-4899-2011}
}

@article{ACP:Thomas2012,
author = {L. Thomas, Jennie and E. Dibb, J and G. Huey, L and Liao, Jin and Tanner, David and Lefer, Barry and von Glasow, R and Stutz, J},
title = {Modeling chemistry in and above snow at Summit, Greenland - Part 2: Impact of snowpack chemistry on the oxidation capacity of the boundary layer},
journal = {{Atmos. Chem. Phys.}},
year = {2012},
month = {07},
pages = {6537--6554},
volume = {12},
url = {https://www.atmos-chem-phys.net/11/6537/2012/},
doi = {10.5194/acp-12-6537-2012}
}

@Article{ACP:Joeckel2005,
AUTHOR = {J\"ockel, P. and Sander, R. and Kerkweg, A. and Tost, H. and Lelieveld, J.},
TITLE = {Technical Note: The Modular Earth Submodel System (MESSy) - a new approach towards Earth System Modeling},
JOURNAL = {{Atmos. Chem. Phys.}},
VOLUME = {5},
YEAR = {2005},
NUMBER = {2},
PAGES = {433--444},
URL = {https://www.atmos-chem-phys.net/5/433/2005/},
DOI = {10.5194/acp-5-433-2005}
}

@article {GRL:Domine2005,
author = {Domine, F. and Taillandier, A. S. and Simpson, W. R. and Severin, K.},
title = {Specific surface area, density and microstructure of frost flowers},
journal = {{Geophys. Res. Lett.}},
volume = {32},
number = {13},
issn = {1944-8007},
url = {http://dx.doi.org/10.1029/2005GL023245},
doi = {10.1029/2005GL023245},
pages = {n/a--n/a},
year = {2005},
note = {L13502},
}

@Article{ACP:Adams2002,
AUTHOR = {Adams, J. W. and Holmes, N. S. and Crowley, J. N.},
TITLE = {Uptake and reaction of HOBr on frozen and dry NaCl/NaBr surfaces between 253 and 233 K},
JOURNAL = {{Atmos. Chem. Phys.}},
VOLUME = {2},
YEAR = {2002},
NUMBER = {1},
PAGES = {79--91},
URL = {https://www.atmos-chem-phys.net/2/79/2002/},
DOI = {10.5194/acp-2-79-2002}
}

@article{JPC:Huff2000,
author = {Huff, A. K. and Abbatt, J. P. D.},
title = {Gas-Phase Br2 Production in Heterogeneous Reactions of Cl2, HOCl, and BrCl with Halide-Ice Surfaces},
journal = {{J. Phys. Chem. A}},
volume = {104},
number = {31},
pages = {7284-7293},
year = {2000},
doi = {10.1021/jp001155w},
URL = {http://dx.doi.org/10.1021/jp001155w},
}

@article{Nat:Wagner1998,
Author = {Wagner, T. and Platt, U.},
Title = {{Satellite mapping of enhanced BrO concentrations in the troposphere}},
Journal = {{Nature}},
Year = {{1998}},
Volume = {{395}},
Number = {{6701}},
Pages = {{486-490}},
Month = {{OCT 1}},
DOI = {{10.1038/26723}},
}

@article{ACP:Jones2009,
Author = {Jones, A. E. and Anderson, P. S. and Begoin, M. and Brough, N. and
   Hutterli, M. A. and Marshall, G. J. and Richter, A. and Roscoe, H. K.
   and Wolff, E. W.},
Title = {{BrO, blizzards, and drivers of polar tropospheric ozone depletion events}},
Journal = {{Atmos. Chem. Phys.}},
Year = {{2009}},
Volume = {{9}},
Number = {{14}},
Pages = {{4639-4652}},
DOI = {{10.5194/acp-9-4639-2009}},
}

@article{ACP:Jones2010,
Author = {Jones, A. E. and Anderson, P. S. and Wolff, E. W. and Roscoe, H. K. and
   Marshall, G. J. and Richter, A. and Brough, N. and Colwell, S. R.},
Title = {{Vertical structure of Antarctic tropospheric ozone depletion events:
   characteristics and broader implications}},
Journal = {{Atmos. Chem. Phys.}},
Year = {{2010}},
Volume = {{10}},
Number = {{16}},
Pages = {{7775-7794}},
DOI = {{10.5194/acp-10-7775-2010}},
}

@article{ACP:Jacob2010,
Author = {Jacob, D. J. and Crawford, J. H. and Maring, H. and Clarke, A. D. and
   Dibb, J. E. and Emmons, L. K. and Ferrare, R. A. and Hostetler, C. A.
   and Russell, P. B. and Singh, H. B. and Thompson, A. M. and Shaw, G. E.
   and McCauley, E. and Pederson, J. R. and Fisher, J. A.},
Title = {{The Arctic Research of the Composition of the Troposphere from Aircraft
   and Satellites (ARCTAS) mission: design, execution, and first results}},
Journal = {{Atmos. Chem. Phys.}},
Year = {{2010}},
Volume = {{10}},
Number = {{11}},
Pages = {{5191-5212}},
DOI = {{10.5194/acp-10-5191-2010}},
}

@Article{ACP:Choi2012,
AUTHOR = {Choi, S. and Wang, Y. and Salawitch, R. J. and Canty, T. and Joiner, J. and Zeng, T. and Kurosu, T. P. and Chance, K. and Richter, A. and Huey, L. G. and Liao, J. and Neuman, J. A. and Nowak, J. B. and Dibb, J. E. and Weinheimer, A. J. and Diskin, G. and Ryerson, T. B. and da Silva, A. and Curry, J. and Kinnison, D. and Tilmes, S. and Levelt, P. F.},
TITLE = {Analysis of satellite-derived Arctic tropospheric BrO columns in conjunction with aircraft measurements during ARCTAS and ARCPAC},
JOURNAL = {{Atmos. Chem. Phys.}},
VOLUME = {12},
YEAR = {2012},
NUMBER = {3},
PAGES = {1255--1285},
URL = {https://www.atmos-chem-phys.net/12/1255/2012/},
DOI = {10.5194/acp-12-1255-2012}
}

@article{ACP:Toyota2014a,
Author = {Toyota, K. and McConnell, J. C. and Staebler, R. M. and Dastoor, A. P.},
Title = {{Air-snowpack exchange of bromine, ozone and mercury in the springtime
   Arctic simulated by the 1-D model PHANTAS - Part 1: In-snow bromine
   activation and its impact on ozone}},
Journal = {{Atmos. Chem. Phys.}},
Year = {{2014}},
Volume = {{14}},
Number = {{8}},
Pages = {{4101-4133}},
DOI = {{10.5194/acp-14-4101-2014}},
}

@article{ACP:Toyota2014b,
Author = {Toyota, K. and Dastoor, A. P. and Ryzhkov, A.},
Title = {{Air-snowpack exchange of bromine, ozone and mercury in the springtime
   Arctic simulated by the 1-D model PHANTAS - Part 2: Mercury and its
   speciation}},
Journal = {{Atmos. Chem. Phys.}},
Year = {{2014}},
Volume = {{14}},
Number = {{8}},
Pages = {{4135-4167}},
DOI = {{10.5194/acp-14-4135-2014}},
}

@article{JPC:Oldridge2011,
Author = {Oldridge, N. W. and Abbatt, J. P. D.},
Title = {{Formation of Gas-Phase Bromine from Interaction of Ozone with Frozen and
   Liquid NaCl/NaBr Solutions: Quantitative Separation of Surficial
   Chemistry from Bulk-Phase Reaction}},
Journal = {{J. Phys. Chem. A}},
Year = {{2011}},
Volume = {{115}},
Number = {{12}},
Pages = {{2590-2598}},
Month = {{MAR 31}},
DOI = {{10.1021/jp200074u}},
}

@article{ACP:Theys2011,
Author = {Theys, N. and Van Roozendael, M. and Hendrick, F. and Yang, X. and De
   Smedt, I. and Richter, A. and Begoin, M. and Errera, Q. and Johnston, P.
   V. and Kreher, K. and De Maziere, M.},
Title = {{Global observations of tropospheric BrO columns using GOME-2 satellite data}},
Journal = {{Atmos. Chem. Phys.}},
Year = {{2011}},
Volume = {{11}},
Number = {{4}},
Pages = {{1791--1811}},
DOI = {{10.5194/acp-11-1791-2011}},
}

@Article{ACP:Falk2017,
AUTHOR = {Falk, S. and Sinnhuber, B.-M. and Krysztofiak, G. and J\"ockel, P. and Graf, P. and Lennartz, S. T.},
TITLE = {Brominated VSLS and their influence on ozone under a changing climate},
JOURNAL = {{Atmos. Chem. Phys.}},
VOLUME = {17},
YEAR = {2017},
NUMBER = {18},
PAGES = {11313--11329},
URL = {https://www.atmos-chem-phys.net/17/11313/2017/},
DOI = {10.5194/acp-17-11313-2017}
}
